%
%  An example of a bibliographical database for bibTeX
%
%  Recommended software for maintenance of *.bib files:
%    JabRef, http://jabref.sourceforge.net/
%
%  BEWARE:
%
%    *  If a name contains a capital letter, which must be kept such,
%       use curly brackets ({T}hailand, {HIV}).
%
%  ===========================================================================

@BOOK{Andel07,
  title = {Základy matematické statistiky},
  publisher = {Matfyzpress},
  year = {2007},
  author = {Anděl, J.},
  address = {Praha},
  series = {Druhé opravené vydání},
  isbn = {80-7378-001-1}
}

@ARTICLE{DempsterLairdRubin77,
  author = {Dempster, A. P. and Laird, N. M. and Rubin, D. B.},
  title = {Maximum likelihood from incomplete data via the {EM} algorithm},
  journal = {Journal of the Royal Statistical Society, Series B},
  year = {1977},
  volume = {39},
  pages = {1--38},
  number = {1}
}

@misc{CMSgenre,
    author = {Wikipedia},
    title = {Construction and management simulation genre},
    howpublished = "\url{https://en.wikipedia.org/wiki/Construction_and_management_simulation}",
    note = "[Online; accessed 2016-05-23]"
}

@misc{RTSgenre,
    author = {Wikipedia},
    title = {Real-time strategy genre},
    howpublished = "\url{https://en.wikipedia.org/wiki/Real-time_strategy}",
    note = "[Online; accessed 2016-05-23]"
}

@misc{GODgenre,
    author = {Wikipedia},
    title = {God game genre},
    howpublished = "\url{https://en.wikipedia.org/wiki/God_game}",
    note = "[Online; accessed 2016-05-23]"
}

@misc{AOMweb,
    title = {Age Of Mythology},
    howpublished = "\url{http://www.ageofempires.com/news/games/aom/}",
    note = "[Online; accessed 2016-05-23]"
}

@misc{CitiesSkylines,
    title = {Cities:~Skylines},
    howpublished = "\url{http://www.citiesskylines.com/}",
    note = "[Online; accessed 2016-05-23]"
}

@misc{FutureOfMinecraft,
    author = {PCGamer},
    title = {Future of Minecraft},
    howpublished = "\url{http://www.pcgamer.com/the-future-of-minecraft/}",
    year = {2012},
    note = "[Online; accessed 2016-05-23]"
}

@misc{Minecraft,
    title = {Minecraft},
    howpublished = "\url{http://www.minecraft.net}",
    note = "[Online; accessed 2016-05-23]"
}

@misc{TF2,
    title = {Team Fortress 2},
    howpublished = "\url{http://www.teamfortress.com}",
    note = "[Online; accessed 2016-05-23]"
}
